% temporary bib item; useful for marking down future citations
@misc{linux-jou,
	author = {Pradeep, Padala},
	title = {{http://www.linuxjournal.com/article/6100}}
}
